<?xml version="1.0" encoding="UTF-8"?><collection xmlns="http://www.loc.gov/MARC21/slim"><record><leader>00576nam--2200181-i-4500</leader><controlfield tag="001">000016827</controlfield><controlfield tag="002">20161230</controlfield><controlfield tag="005">20161230201032</controlfield><controlfield tag="008">060222s1000------------r-----000-0-eng-d</controlfield><datafield ind1=" " ind2=" " tag="040"><subfield code="a">IFIN-HH</subfield></datafield><datafield ind1=" " ind2=" " tag="080"><subfield code="a">530.12:539.145</subfield></datafield><datafield ind1="1" ind2=" " tag="100"><subfield code="a">Rolnick, William B</subfield></datafield><datafield ind1="1" ind2="0" tag="245"><subfield code="a">Causality and physical theories (wayne state university, 1973) aip conference proceedings. number 16</subfield><subfield code="c">William b. rolnick (ed.)</subfield></datafield><datafield ind1=" " ind2=" " tag="260"><subfield code="a">New-york</subfield><subfield code="b">American Institute Of Physics</subfield><subfield code="c">1974</subfield></datafield><datafield ind1=" " ind2=" " tag="300"><subfield code="a">177P</subfield></datafield><datafield ind1=" " ind2=" " tag="490"><subfield code="a">Aip Conference Proceedings, 16</subfield></datafield><datafield ind1=" " ind2=" " tag="852"><subfield code="a">37027</subfield><subfield code="c">53</subfield></datafield><datafield ind1=" " ind2=" " tag="CAT"><subfield code="a">Sys</subfield><subfield code="c">20150311</subfield><subfield code="h">154616</subfield></datafield></record></collection>